
@article{cunha-unidade,
title = {Uma discussão sobre a unidade da ciência: Neurath e a utopia da ciência unificada},
volume = {13},
shorttitle = {Uma discussão sobre a unidade da ciência},
pages = {97--122},
number = {1},
journaltitle = {Scientiae Studia},
author = {Cunha, Ivan Ferreira da},
date = {2015},
note = {Publisher: {SciELO} Brasil},
file = {Full Text:C\:\\Users\\renan\\Zotero\\storage\\K98USHRA\\Cunha - 2015 - Uma discussão sobre a unidade da ciência Neurath .pdf:application/pdf;Snapshot:C\:\\Users\\renan\\Zotero\\storage\\V8SMUQ8W\\scielo.html:text/html},
}

@book{feyerabend-science-free-society,
title={Science in a free society},
author={Feyerabend, Paul},
year={1978},
publisher={Schocken Books},
address={New York}
}

@article{haack-six-signs,
title={Six signs of scientism},
author={Haack, Susan},
journal={Logos \& Episteme},
year={2012},
volume={3},
pages={75-95}
}

@book{haack-defending-science,
	title={Defending science-within reason: Between scientism and cynicism},
	author={Haack, Susan},
	year={2011},
	publisher={Prometheus Books},
	address={New York}
}

@book{feyerabend-against-method,
	title={Against Method},
	author={Feyerabend, Paul},
	year={1993},
	publisher={Verso},
	address={London}
}

@book{dewey-ee,
	title={Experience and Education},
	author={Dewey, John},
	year={1986},
	publisher={Taylor \& Francis Group},
	address={Oxfordshire}
}

@book{dewey-en,
	title={Experience and Nature},
	author={Dewey, John},
	year={1958},
	publisher={Courier Corporation},
	address={North Chelmsford},
}

@book{cartwright-dappled-world,
	title={The dappled world: A study of the boundaries of science},
	author={Cartwright, Nancy},
	year={1999},
	publisher={Cambridge University Press},
	address={Cambridge, England},
}

@online{youtube,
	title = {Filosofia da Ciência / Filosofia da Epidemiologia},
	date = {2020},
	organization = {Youtube},
	author = {Meirelles, Sofia and Zimmer, Renan},
	url = {http://bit.ly/ufsc-epidemiologia},
	urldate = {2020-12-18}
}

@article{cunha_sci_and_edu,
	title = {John Dewey, Filosofia da Ciência e Filosofia da Educação},
	volume = {7},
	rights = {Copyright (c) 2018 Filosofia e Educação},
	issn = {1984-9605},
	url = {https://periodicos.sbu.unicamp.br/ojs/index.php/rfe/article/view/8637551},
	doi = {10.20396/rfe.v7i2.8637551},
	pages = {123--142},
	number = {2},
	journaltitle = {Filosofia e Educação},
	shortjournal = {Filos. e Educ.},
	author = {Cunha, Ivan Ferreira da},
	date = {2015-05-24},
	langid = {portuguese},
	note = {Number: 2},
	keywords = {Dewey. Feyerabend. Unidade da ciência},
}


@book{broadbent,
	location = {Basingstoke, Hampshire ; New York},
	edition = {2013ª edição},
	title = {Philosophy of Epidemiology},
	isbn = {978-0-230-35512-5},
	publisher = {Palgrave {MacMillan}},
	author = {Broadbent, Alex},
	date = {2013-06-11},
}


@book{popper_conjeturas,
	edition = {1ª edição},
	title = {Conjeturas e Refutações},
	isbn = {978-972-44-2018-9},
	publisher = {Edições 70},
	author = {Popper, Karl},
	date = {2018},
	location = {São Paulo},
}


@book{dewey_logic,
	title = {Logic - The Theory of Inquiry},
	isbn = {978-1-4437-2479-1},
	address = {Carbondale},
	publisher = {Southern Illinois University Press},
	author = {Dewey, John},
	date = {2008-11-04},
}


@article{dewey_valuation,
	title = {Theory of valuation},
	volume = {2,  4},
	pages = {vii + 67--vii + 67},
	journaltitle = {International Encyclopedia of Unified Science},
	author = {Dewey, John.},
	date = {1939}
}


@book{mill_liberty_2002,
	location = {Mineola, {NY}},
	title = {On Liberty},
	isbn = {978-0-486-42130-8},
	publisher = {Dover Publications},
	author = {Mill, John Stuart},
	date = {2002-06-19},
}